<?xml version = "1.0" encoding = "UTF-8"?><record>
    <leader>00000nms#a2200000#c#4500</leader>
    <controlfield tag="003">DE-605</controlfield>
    <controlfield tag="005">20191018173800.0</controlfield>
    <controlfield tag="007">cr#|||||||||||</controlfield>
    <controlfield tag="008">991116m19551955xxu#####o##|########eng#c</controlfield>
    <controlfield tag="009">HT012734884</controlfield>
    <controlfield tag="001">990108874370206441</controlfield>
    <datafield tag="035" ind1=" " ind2=" ">
      <subfield code="a">HT012734884</subfield>
    </datafield>
    <datafield tag="035" ind1=" " ind2=" ">
      <subfield code="a">(DE-605)HT012734884</subfield>
    </datafield>
    <datafield tag="035" ind1=" " ind2=" ">
      <subfield code="a">(ALEPHCCHBZ)010887437HBZ01</subfield>
    </datafield>
    <datafield tag="016" ind1="7" ind2=" ">
      <subfield code="a">019927487</subfield>
      <subfield code="2">DE-101b</subfield>
    </datafield>
    <datafield tag="016" ind1="7" ind2=" ">
      <subfield code="a">1500079-5</subfield>
      <subfield code="2">DE-600</subfield>
    </datafield>
    <datafield tag="016" ind1="7" ind2=" ">
      <subfield code="a">1046349094</subfield>
      <subfield code="2">OCoLC</subfield>
    </datafield>
    <datafield tag="029" ind1="a" ind2="d">
      <subfield code="a">1524-4555</subfield>
    </datafield>
    <datafield tag="035" ind1=" " ind2=" ">
      <subfield code="a">(DE-600)1500079-5</subfield>
    </datafield>
    <datafield tag="035" ind1=" " ind2=" ">
      <subfield code="a">(OCoLC)1046349094</subfield>
      <subfield code="0">(uri) http://www.worldcat.org/oclc/1046349094</subfield>
    </datafield>
    <datafield tag="035" ind1=" " ind2=" ">
      <subfield code="a">(DE-599)ZDB1500079-5</subfield>
    </datafield>
    <datafield tag="040" ind1=" " ind2=" ">
      <subfield code="a">9000</subfield>
      <subfield code="b">ger</subfield>
      <subfield code="c">DNB</subfield>
      <subfield code="d">9001</subfield>
    </datafield>
    <datafield tag="041" ind1=" " ind2=" ">
      <subfield code="a">eng</subfield>
    </datafield>
    <datafield tag="044" ind1=" " ind2=" ">
      <subfield code="c">XD-US</subfield>
    </datafield>
    <datafield tag="084" ind1=" " ind2=" ">
      <subfield code="a">390</subfield>
      <subfield code="q">DE-600</subfield>
      <subfield code="2">zdbs</subfield>
    </datafield>
    <datafield tag="090" ind1=" " ind2=" ">
      <subfield code="n">nk</subfield>
    </datafield>
    <datafield tag="210" ind1="1" ind2="0">
      <subfield code="a">Yearb Anthropol</subfield>
      <subfield code="2">din1502</subfield>
    </datafield>
    <datafield tag="245" ind1="0" ind2="0">
      <subfield code="a">Yearbook of anthropology</subfield>
      <subfield code="c">Wenner-Gren Foundation for Anthropological Research</subfield>
    </datafield>
    <datafield tag="264" ind1="3" ind2="1">
      <subfield code="a">New York, NY</subfield>
      <subfield code="b">Found.</subfield>
      <subfield code="c">1955-1955</subfield>
    </datafield>
    <datafield tag="300" ind1=" " ind2=" ">
      <subfield code="a">Online-Ressource</subfield>
    </datafield>
    <datafield tag="336" ind1=" " ind2=" ">
      <subfield code="b">txt</subfield>
    </datafield>
    <datafield tag="337" ind1=" " ind2=" ">
      <subfield code="b">c</subfield>
    </datafield>
    <datafield tag="338" ind1=" " ind2=" ">
      <subfield code="b">cr</subfield>
    </datafield>
    <datafield tag="362" ind1="0" ind2=" ">
      <subfield code="a">1.1955</subfield>
    </datafield>
    <datafield tag="363" ind1="0" ind2="0">
      <subfield code="8">1.1\x</subfield>
      <subfield code="a">1</subfield>
      <subfield code="i">1955</subfield>
    </datafield>
    <datafield tag="655" ind1=" " ind2="7">
      <subfield code="a">Zeitschrift</subfield>
      <subfield code="0">(DE-588)4067488-5</subfield>
      <subfield code="2">gnd-content</subfield>
    </datafield>
    <datafield tag="689" ind1="0" ind2="0">
      <subfield code="a">Anthropologie</subfield>
      <subfield code="D">s</subfield>
      <subfield code="0">(DE-588)4002230-4</subfield>
    </datafield>
    <datafield tag="689" ind1="0" ind2="1">
      <subfield code="a">Zeitschrift</subfield>
      <subfield code="D">s</subfield>
      <subfield code="0">(DE-588)4067488-5</subfield>
    </datafield>
    <datafield tag="689" ind1="0" ind2="2">
      <subfield code="a">Online-Ressource</subfield>
      <subfield code="D">s</subfield>
      <subfield code="0">(DE-588)4511937-5</subfield>
    </datafield>
    <datafield tag="689" ind1="0" ind2=" ">
      <subfield code="5">ZDB</subfield>
    </datafield>
    <datafield tag="776" ind1="0" ind2="8">
      <subfield code="i">Druckausg.</subfield>
      <subfield code="t">Yearbook of anthropology</subfield>
      <subfield code="d">New York, NY : Found., 1955-1955</subfield>
      <subfield code="w">(DE-605)HT001393442</subfield>
      <subfield code="9">F:776</subfield>
    </datafield>
    <datafield tag="785" ind1="0" ind2="0">
      <subfield code="i">Forts.:</subfield>
      <subfield code="t">Current anthropology</subfield>
      <subfield code="d">Chicago : Univ. of Chicago Press, 1959-</subfield>
      <subfield code="h">Online-Ressource</subfield>
      <subfield code="w">(DE-605)HT012734878</subfield>
      <subfield code="9">F:785</subfield>
    </datafield>
    <datafield tag="856" ind1="4" ind2="0">
      <subfield code="u">http://www.bibliothek.uni-regensburg.de/ezeit/?1500079</subfield>
      <subfield code="x">EZB</subfield>
    </datafield>
    <datafield tag="856" ind1="4" ind2="0">
      <subfield code="u">https://www.journals.uchicago.edu/loi/yearanth</subfield>
      <subfield code="x">Verlag</subfield>
    </datafield>
    <datafield tag="856" ind1="4" ind2="0">
      <subfield code="u">https://www.jstor.org/journal/yearanth</subfield>
      <subfield code="x">Digitalisierung</subfield>
    </datafield>
    <datafield tag="912" ind1=" " ind2=" ">
      <subfield code="a">ZDB-1-JA1</subfield>
      <subfield code="a">ZDB-1-JMC</subfield>
      <subfield code="a">ZDB-1-JP1</subfield>
    </datafield>
    <datafield tag="964" ind1="0" ind2="s">
      <subfield code="F">030</subfield>
      <subfield code="A">a||u|||||||37</subfield>
    </datafield>
    <datafield tag="964" ind1="0" ind2="s">
      <subfield code="F">050</subfield>
      <subfield code="A">||||||||g|||||</subfield>
    </datafield>
    <datafield tag="964" ind1="0" ind2="s">
      <subfield code="F">052</subfield>
      <subfield code="A">p||||||t|||||||</subfield>
    </datafield>
    <datafield tag="MBD" ind1=" " ind2=" ">
      <subfield code="M">49HBZ_NETWORK</subfield>
      <subfield code="i">990108874370206441</subfield>
      <subfield code="n">HBZ Network</subfield>
    </datafield>
    <datafield tag="MBD" ind1=" " ind2=" ">
      <subfield code="M">49HBZ_UBD</subfield>
      <subfield code="i">991007099159706445</subfield>
      <subfield code="n">Technische Universitaet Dortmund</subfield>
    </datafield>
    <datafield tag="776" ind1="0" ind2="8">
      <subfield code="i">Druckausg.</subfield>
      <subfield code="t">Yearbook of anthropology</subfield>
      <subfield code="d">New York, NY : Found., 1955-1955</subfield>
      <subfield code="w">(DE-605)HT001393442</subfield>
      <subfield code="9">F:776</subfield>
      <subfield code="M">49HBZ_UBD</subfield>
    </datafield>
    <datafield tag="785" ind1="0" ind2="0">
      <subfield code="i">Forts.:</subfield>
      <subfield code="t">Current anthropology</subfield>
      <subfield code="d">Chicago : Univ. of Chicago Press, 1959-</subfield>
      <subfield code="h">Online-Ressource</subfield>
      <subfield code="w">(DE-605)HT012734878</subfield>
      <subfield code="9">F:785</subfield>
      <subfield code="M">49HBZ_UBD</subfield>
    </datafield>
    <datafield tag="980" ind1="1" ind2=" ">
      <subfield code="9">LOCAL</subfield>
      <subfield code="e">HBZ</subfield>
      <subfield code="M">49HBZ_UBD</subfield>
    </datafield>
    <datafield tag="981" ind1=" " ind2=" ">
      <subfield code="9">LOCAL</subfield>
      <subfield code="a">(DE-290)1590514</subfield>
      <subfield code="M">49HBZ_UBD</subfield>
    </datafield>
    <datafield tag="997" ind1=" " ind2=" ">
      <subfield code="9">LOCAL</subfield>
      <subfield code="a">20170117</subfield>
      <subfield code="M">49HBZ_UBD</subfield>
    </datafield>
    <datafield tag="998" ind1="4" ind2=" ">
      <subfield code="9">LOCAL</subfield>
      <subfield code="u">http://www.bibliothek.uni-regensburg.de/ezeit/frontdoor.phtml?id=1500079&amp;bibid=UBDO</subfield>
      <subfield code="M">49HBZ_UBD</subfield>
    </datafield>
    <datafield tag="MNG" ind1=" " ind2=" ">
      <subfield code="f">ILS</subfield>
      <subfield code="i">marc21</subfield>
      <subfield code="k">01</subfield>
      <subfield code="e">false</subfield>
      <subfield code="g">010887437-HBZ01</subfield>
      <subfield code="j">90</subfield>
      <subfield code="a">import</subfield>
      <subfield code="b">2020-07-16 14:52:40 Europe/Berlin</subfield>
    </datafield>
    <datafield tag="POR" ind1=" " ind2=" ">
      <subfield code="x">System</subfield>
      <subfield code="a">5373479180006445</subfield>
      <subfield code="M">49HBZ_UBD</subfield>
      <subfield code="c">static</subfield>
      <subfield code="y">2020-07-23 13:05:36 Europe/Berlin</subfield>
      <subfield code="w">2020-07-23 13:05:21 Europe/Berlin</subfield>
      <subfield code="D">https://eu04.alma.exlibrisgroup.com/view/uresolver/49HBZ_NETWORK/openurl?u.ignore_date_coverage=true&amp;portfolio_pid=5373479180006445&amp;Force_direct=true</subfield>
      <subfield code="v">P2E_JOB</subfield>
      <subfield code="z">2020-07-23 11:05:21</subfield>
      <subfield code="i">false</subfield>
      <subfield code="S">5273479190006445</subfield>
      <subfield code="d">e?u.ignore_date_coverage=true&amp;rft.mms_id=991007099159706445</subfield>
      <subfield code="b">Available</subfield>
      <subfield code="f">BOOK</subfield>
      <subfield code="8">5373479180006445</subfield>
    </datafield>
    <datafield tag="POR" ind1=" " ind2=" ">
      <subfield code="x">System</subfield>
      <subfield code="a">5373479200006445</subfield>
      <subfield code="M">49HBZ_UBD</subfield>
      <subfield code="c">static</subfield>
      <subfield code="y">2020-07-23 13:05:36 Europe/Berlin</subfield>
      <subfield code="w">2020-07-23 13:05:21 Europe/Berlin</subfield>
      <subfield code="D">https://eu04.alma.exlibrisgroup.com/view/uresolver/49HBZ_NETWORK/openurl?u.ignore_date_coverage=true&amp;portfolio_pid=5373479200006445&amp;Force_direct=true</subfield>
      <subfield code="v">P2E_JOB</subfield>
      <subfield code="z">2020-07-23 11:05:21</subfield>
      <subfield code="i">false</subfield>
      <subfield code="S">5273479210006445</subfield>
      <subfield code="d">e?u.ignore_date_coverage=true&amp;rft.mms_id=991007099159706445</subfield>
      <subfield code="b">Available</subfield>
      <subfield code="f">BOOK</subfield>
      <subfield code="8">5373479200006445</subfield>
    </datafield>
    <datafield tag="POR" ind1=" " ind2=" ">
      <subfield code="x">System</subfield>
      <subfield code="a">5373479220006445</subfield>
      <subfield code="M">49HBZ_UBD</subfield>
      <subfield code="c">static</subfield>
      <subfield code="y">2020-07-23 13:05:36 Europe/Berlin</subfield>
      <subfield code="w">2020-07-23 13:05:21 Europe/Berlin</subfield>
      <subfield code="D">https://eu04.alma.exlibrisgroup.com/view/uresolver/49HBZ_NETWORK/openurl?u.ignore_date_coverage=true&amp;portfolio_pid=5373479220006445&amp;Force_direct=true</subfield>
      <subfield code="v">P2E_JOB</subfield>
      <subfield code="z">2020-07-23 11:05:21</subfield>
      <subfield code="i">false</subfield>
      <subfield code="S">5273479230006445</subfield>
      <subfield code="d">e?u.ignore_date_coverage=true&amp;rft.mms_id=991007099159706445</subfield>
      <subfield code="b">Available</subfield>
      <subfield code="f">BOOK</subfield>
      <subfield code="8">5373479220006445</subfield>
    </datafield>
    <datafield tag="POR" ind1=" " ind2=" ">
      <subfield code="x">System</subfield>
      <subfield code="a">5373479240006445</subfield>
      <subfield code="M">49HBZ_UBD</subfield>
      <subfield code="c">static</subfield>
      <subfield code="y">2020-07-23 13:05:36 Europe/Berlin</subfield>
      <subfield code="w">2020-07-23 13:05:21 Europe/Berlin</subfield>
      <subfield code="D">https://eu04.alma.exlibrisgroup.com/view/uresolver/49HBZ_NETWORK/openurl?u.ignore_date_coverage=true&amp;portfolio_pid=5373479240006445&amp;Force_direct=true</subfield>
      <subfield code="v">P2E_JOB</subfield>
      <subfield code="z">2020-07-23 11:05:21</subfield>
      <subfield code="i">false</subfield>
      <subfield code="S">5273479250006445</subfield>
      <subfield code="d">e?u.ignore_date_coverage=true&amp;rft.mms_id=991007099159706445</subfield>
      <subfield code="b">Available</subfield>
      <subfield code="f">BOOK</subfield>
      <subfield code="8">5373479240006445</subfield>
    </datafield>
  </record>